@article{
   Bamford2014,
   author = {Bamford, R. A. and Kellett, B. and Bradford, J. and Todd, T. N. and Benton, M. G. and Stafford-Allen, R. and Alves, E. P. and Silva, L. and Collingwood, C. and Crawford, I. A. and Bingham, R.},
   title = {An exploration of the effectiveness of artificial mini-magnetospheres as a potential solar storm shelter for long term human space missions},
   journal = {Acta Astronautica},
   volume = {105},
   number = {2},
   pages = {385-394},
   ISSN = {0094-5765},
   DOI = {10.1016/j.actaastro.2014.10.012},
   year = {2014},
   type = {Journal Article}
}

@article{
   Bamford2012,
   author = {Bamford, R. A. and Kellett, B. and Bradford, W. J. and Norberg, C. and Thornton, A. and Gibson, K. J. and Crawford, I. A. and Silva, L. and Gargate, L. and Bingham, R.},
   title = {Minimagnetospheres above the Lunar Surface and the Formation of Lunar Swirls},
   journal = {PHYSICAL REVIEW LETTERS},
   volume = {109},
   pages = {081101},
   DOI = {10.1103/PhysRevLett.109.081101},
   year = {2012},
   type = {Journal Article}
}

@article{Barabash2009,
   author = {Barabash, S. and Bhardwaj, A. and Wieser, M. and Sridharan, R. and Kurian, T. and Varier, S. and Vijayakumar, E. and Abhirami, V. and Raghavendra, K. V. and Mohankumar, S. V. and Dhanya, M. B. and Thampi, S. and Kazushi, A. and Andersson, H. and Yoshifumi, F. and Holmstrom, M. and Lundin, R. and Svensson, J. and Karlsson, S. and Piazza, R. D. and Wurz, P.},
   title = {Investigation of the solar wind-Moon interaction onboard Chandrayaan-1 mission with the SARA experiment},
   journal = {Current Science},
   volume = {96},
   number = {4},
   pages = {526-532},
   ISSN = {0011-3891},
   year = {2009},
   type = {Journal Article}
}

@inbook{
   Bhardwaj2010,
   author = {Bhardwaj, A. and Barabash, S. and Dhanya, M. B. and Wieser, M. and Yoshifumi, F. and Holmstrom, M. and Sridharan, R. and Wurz, P. and Schaufelberger, A. and Kazushi, A.},
   title = {Studying the Lunar-Solar Wind Interaction with the SARA Experiment aboard the Indian Lunar Mission Chandrayaan-1},
   booktitle = {Twelfth International Solar Wind Conference},
   editor = {Maksimovic, M. and Issautier, K. and MeyerVernet, N. and Moncuquet, M. and Pantellini, F.},
   series = {AIP Conference Proceedings},
   volume = {1216},
   pages = {518-521},
   ISBN = {0094-243X 978-0-7354-0759-6},
   DOI = {10.1063/1.3395916},
   year = {2010},
   type = {Book Section}
}

@article{
   Blewett2011,
   author = {Blewett, D. T.},
   title = {Lunar swirls: Examining crustal magnetic anomalies and space weathering trends (vol 116, E02002, 2011)},
   journal = {Journal of Geophysical Research-Planets},
   volume = {116},
   pages = {1},
   ISSN = {0148-0227},
   DOI = {E06002 10.1029/2011je003852},
   year = {2011},
   type = {Journal Article}
}

@article{
   Colwell2009,
   author = {Colwell, J. E. and Robertson, S. R. and Horanyi, M. and Wang, X. and Poppe, A. and Wheeler, P.},
   title = {Lunar Dust Levitation},
   journal = {Journal of Aerospace Engineering},
   volume = {22},
   number = {1},
   pages = {2-9},
   ISSN = {0893-1321},
   DOI = {10.1061/(asce)0893-1321(2009)22:1(2)},
   year = {2009},
   type = {Journal Article}
}

@article{
   Deca2014,
   author = {Deca, J. and Divin, A. and Lapenta, G. and Lembege, B. and Markidis, S. and Horanyi, M.},
   title = {Electromagnetic Particle-in-Cell Simulations of the Solar Wind Interaction with Lunar Magnetic Anomalies},
   journal = {Physical Review Letters},
   volume = {112},
   number = {15},
   ISSN = {0031-9007},
   DOI = {10.1103/PhysRevLett.112.151102},
   year = {2014},
   type = {Journal Article}
}

@article{
  Fatemi2015,
   author = {Fatemi, S. and Lue, C. and Holmstrom, M. and Poppe, A. R. and Wieser, M. and Barabash, S. and Delory, G. T.},
   title = {Solar wind plasma interaction with Gerasimovich lunar magnetic anomaly},
   journal = {Journal of Geophysical Research-Space Physics},
   volume = {120},
   number = {6},
   pages = {4719-4735},
   ISSN = {2169-9380},
   DOI = {10.1002/2015ja021027},
   year = {2015},
   type = {Journal Article}
}

@article{
   Futaana2013,
   author = {Futaana, Y. and Barabash, S. and Wieser, M. and Lue, C. and Wurz, P. and Vorburger, A. and Bhardwaj, A. and Asamura, K.},
   title = {Remote energetic neutral atom imaging of electric potential over a lunar magnetic anomaly},
   journal = {GEOPHYSICAL RESEARCH LETTERS},
   volume = {40},
   number = {2},
   pages = {262-266},
   ISSN = {0094-8276},
   DOI = {10.1002/grl.50135},
   year = {2013},
   type = {Journal Article}
}

@article{
   Giacalone2015,
   author = {Giacalone, J. and Hood, L. L.},
   title = {Hybrid simulation of the interaction of solar wind protons with a concentrated lunar magnetic anomaly},
   journal = {Journal of Geophysical Research-Space Physics},
   volume = {120},
   number = {6},
   pages = {4081-4094},
   ISSN = {2169-9380},
   DOI = {10.1002/2014ja020938},
   year = {2015},
   type = {Journal Article}
}

@article{
   Halekas2005,
   author = {Halekas, J. S. and Bale, S. D. and Mitchell, D. L. and Lin, R. P.},
   title = {Electrons and magnetic fields in the lunar plasma wake},
   journal = {Journal of Geophysical Research-Space Physics},
   volume = {110},
   number = {A7},
   pages = {21},
   ISSN = {0148-0227},
   DOI = {A07222 10.1029/2004ja010991},
   year = {2005},
   type = {Journal Article}
}

@article{
   Halekas2008a,
   author = {Halekas, J. S. and Brain, D. A. and Lin, R. P. and Mitchell, D. L.},
   title = {Solar wind interaction with lunar crustal magnetic anomalies},
   journal = {Advances in Space Research},
   volume = {41},
   number = {8},
   pages = {1319-1324},
   ISSN = {0273-1177},
   DOI = {10.1016/j.asr.2007.04.003},
   year = {2008},
   type = {Journal Article}
}

@article{
   Halekas2006a,
   author = {Halekas, J. S. and Brain, D. A. and Mitchell, D. L. and Lin, R. P.},
   title = {Whistler waves observed near lunar crustal magnetic sources},
   journal = {Geophysical Research Letters},
   volume = {33},
   number = {22},
   ISSN = {0094-8276},
   DOI = {10.1029/2006gl027684},
   year = {2006},
   type = {Journal Article}
}

@article{
   Halekas2006b,
   author = {Halekas, J. S. and Brain, D. A. and Mitchell, D. L. and Lin, R. P. and Harrison, L.},
   title = {On the occurrence of magnetic enhancements caused by solar wind interaction with lunar crustal fields},
   journal = {GEOPHYSICAL RESEARCH LETTERS},
   volume = {33},
   number = {8},
   pages = {4},
   ISSN = {0094-8276},
   DOI = {L08106 10.1029/2006gl025931},
   year = {2006},
   type = {Journal Article}
}

@article{
   Halekas2008b, 
   author = {Halekas, J. S. and Delory, G. T. and Brain, D. A. and Lin, R. P. and Mitchell, D. L.},
   title = {Density cavity observed over a strong lunar crustal magnetic anomaly in the solar wind: A mini-magneto sphere?},
   journal = {Planetary and Space Science},
   volume = {56},
   number = {7},
   pages = {941-946},
   ISSN = {0032-0633},
   DOI = {10.1016/j.pss.2008.01.008},
   year = {2008},
   type = {Journal Article}
}

@article{
   Halekas2009,
   author = {Halekas, J. S. and Delory, G. T. and Lin, R. P. and Stubbs, T. J. and Farrell, W. M.},
   title = {Lunar surface charging during solar energetic particle events: Measurement and prediction},
   journal = {Journal of Geophysical Research-Space Physics},
   volume = {114},
   ISSN = {0148-0227},
   DOI = {10.1029/2009ja014113},
   year = {2009},
   type = {Journal Article}
}

@article{
   Halekas2012a,
   author = {Halekas, J. S. and Poppe, A. and Delory, G. T. and Farrell, W. M. and Horanyi, M.},
   title = {Solar wind electron interaction with the dayside lunar surface and crustal magnetic fields: Evidence for precursor effects},
   journal = {Earth Planets and Space},
   volume = {64},
   number = {2},
   pages = {73-82},
   ISSN = {1343-8832},
   DOI = {10.5047/eps.2011.03.008},
   year = {2012},
   type = {Journal Article}
}

@article{
   Halekas2012b,
   author = {Halekas, J. S. and Poppe, A. and Delory, G. T. and Farrell, W. M. and Horanyi, M.},
   title = {Solar wind electron interaction with the dayside lunar surface and crustal magnetic fields: Evidence for precursor effects},
   journal = {Earth Planets and Space},
   volume = {64},
   number = {2},
   pages = {73-82},
   ISSN = {1343-8832},
   DOI = {10.5047/eps.2011.03.008},
   year = {2012},
   type = {Journal Article}
}

@article{
   Halekas2012c,
   author = {Halekas, J. S. and Poppe, A. R. and Farrell, W. M. and Delory, G. T. and Angelopoulos, V. and McFadden, J. P. and Bonnell, J. W. and Glassmeier, K. H. and Plaschke, F. and Roux, A. and Ergun, R. E.},
   title = {Lunar precursor effects in the solar wind and terrestrial magnetosphere},
   journal = {Journal of Geophysical Research-Space Physics},
   volume = {117},
   ISSN = {0148-0227},
   DOI = {10.1029/2011ja017289},
   year = {2012},
   type = {Journal Article}
}

@article{
   Halekas2011,
   author = {Halekas, J. S. and Saito, Y. and Delory, G. T. and Farrell, W. M.},
   title = {New views of the lunar plasma environment},
   journal = {Planetary and Space Science},
   volume = {59},
   number = {14},
   pages = {1681-1694},
   ISSN = {0032-0633},
   DOI = {10.1016/j.pss.2010.08.011},
   year = {2011},
   type = {Journal Article}
}

@article{
   Harada2014,
   author = {Harada, Y. and Halekas, J. S. and Poppe, A. R. and Kurita, S. and McFadden, J. P.},
   title = {Extended lunar precursor regions: Electron-wave interaction},
   journal = {Journal of Geophysical Research-Space Physics},
   volume = {119},
   number = {11},
   pages = {9160-9173},
   ISSN = {2169-9380},
   DOI = {10.1002/2014ja020618},
   year = {2014},
   type = {Journal Article}
}

@article{
   Harnett2000,
   author = {Harnett, E. M. and Winglee, R.},
   title = {Two-dimensional MHD simulation of the solar wind interaction with magnetic field anomalies on the surface of the Moon},
   journal = {Journal of Geophysical Research-Space Physics},
   volume = {105},
   number = {A11},
   pages = {24997-25007},
   ISSN = {0148-0227},
   DOI = {10.1029/2000ja000074},
   year = {2000},
   type = {Journal Article}
}

@article{
   Harnett2002,
   author = {Harnett, E. M. and Winglee, R. M.},
   title = {2.5D Particle and MHD simulations of mini-magnetospheres at the Moon},
   journal = {Journal of Geophysical Research-Space Physics},
   volume = {107},
   number = {A12},
   note = {Harnett, EM Winglee, RM},
   ISSN = {0148-0227},
   DOI = {10.1029/2002ja009241},
   year = {2002},
   type = {Journal Article}
}

@article{
   Harnett2003,
   author = {Harnett, E. M. and Winglee, R. M.},
   title = {2.5-D fluid simulations of the solar wind interacting with multiple dipoles on the surface of the Moon},
   journal = {Journal of Geophysical Research-Space Physics},
   volume = {108},
   number = {A2},
   note = {Harnett, EM Winglee, RM},
   ISSN = {0148-0227},
   DOI = {10.1029/2002ja009617},
   year = {2003},
   type = {Journal Article}
}

@article{
   Hashimoto2010,
   author = {Hashimoto, K. and Hashitani, M. and Kasahara, Y. and Omura, Y. and Nishino, M. N. and Saito, Y. and Yokota, S. and Ono, T. and Tsunakawa, H. and Shibuya, H. and Matsushima, M. and Shimizu, H. and Takahashi, F.},
   title = {Electrostatic solitary waves associated with magnetic anomalies and wake boundary of the Moon observed by KAGUYA},
   journal = {Geophysical Research Letters},
   volume = {37},
   ISSN = {0094-8276},
   DOI = {10.1029/2010gl044529},
   year = {2010},
   type = {Journal Article}
}

@article{
   Hemingway2012,
   author = {Hemingway, D. and Garrick-Bethell, I.},
   title = {Magnetic field direction and lunar swirl morphology: Insights from Airy and Reiner Gamma},
   journal = {Journal of Geophysical Research-Planets},
   volume = {117},
   ISSN = {0148-0227},
   DOI = {E10012 10.1029/2012je004165},
   year = {2012},
   type = {Journal Article}
}

@article{
   Hood1992,
   author = {Hood, L. L.},
   title = {LUNAR MAGNETIC-FIELDS - IMPLICATIONS FOR UTILIZATION AND RESOURCE EXTRACTION},
   journal = {Journal of Geophysical Research-Planets},
   volume = {97},
   number = {E11},
   pages = {18275-18284},
   ISSN = {0148-0227},
   year = {1992},
   type = {Journal Article}
}

@article{
   Hood1995,
   author = {Hood, L. L.},
   title = {FROZEN FIELDS},
   journal = {Earth Moon and Planets},
   volume = {67},
   number = {1-3},
   pages = {131-142},
   ISSN = {0167-9295},
   year = {1995},
   type = {Journal Article}
}

@article{
   Howes2015,
   author = {Howes, C. T. and Wang, X. and Deca, J. and Horanyi, M.},
   title = {Laboratory investigation of lunar surface electric potentials in magnetic anomaly regions},
   journal = {Geophysical Research Letters},
   volume = {42},
   number = {11},
   pages = {4280-4287},
   ISSN = {0094-8276},
   DOI = {10.1002/2015gl063943},
   year = {2015},
   type = {Journal Article}
}

@article{
   Jarvinen2014,
   author = {Jarvinen, R. and Alho, M. and Kallio, E. and Wurz, P. and Barabash, S. and Futaana, Y.},
   title = {On vertical electric fields at lunarmagnetic anomalies},
   journal = {Geophysical Research Letters},
   volume = {41},
   number = {7},
   pages = {2243-2249},
   ISSN = {0094-8276},
   DOI = {10.1002/2014gl059788},
   year = {2014},
   type = {Journal Article}
}

@article{
   Kallio2012,
   author = {Kallio, E. and Jarvinen, R. and Dyadechkin, S. and Wurz, P. and Barabash, S. and Alvarez, F. and Fernandes, V. A. and Futaana, Y. and Harri, A. M. and Heilimo, J. and Lue, C. and Makela, J. and Porjo, N. and Schmidt, W. and Siili, T.},
   title = {Kinetic simulations of finite gyroradius effects in the lunar plasma environment on global, meso, and microscales},
   journal = {Planetary and Space Science},
   volume = {74},
   number = {1},
   pages = {146-155},
   ISSN = {0032-0633},
   DOI = {10.1016/j.pss.2012.09.012},
   year = {2012},
   type = {Journal Article}
}

@article{
   Krymskii2000,
   author = {Krymskii, A. M. and Breus, T. K. and Ness, N. F. and Acuna, M. H.},
   title = {The IMF pile-up regions near the Earth and Venus: Lessons for the solar wind - Mars interaction},
   journal = {Space Science Reviews},
   volume = {92},
   number = {3-4},
   pages = {535-564},
   ISSN = {0038-6308},
   DOI = {10.1023/a:1005206515578},
   year = {2000},
   type = {Journal Article}
}

@article{
   Kuninaka2006,
   author = {Kuninaka, H. and Nishiyama, K. and Funaki, I. and Shimizu, Y. and Yamada, T. and Kawaguchi, J.},
   title = {Assessment of plasma interactions and flight status of the HAYABUSA asteroid explorer propelled by microwave discharge ion engines},
   journal = {Ieee Transactions on Plasma Science},
   volume = {34},
   number = {5},
   pages = {2125-2132},
   ISSN = {0093-3813},
   DOI = {10.1109/tps.2006.876513},
   year = {2006},
   type = {Journal Article}
}

@article{
   Kurata2005,
   author = {Kurata, M. and Tsunakawa, H. and Saito, Y. and Shibuya, H. and Matsushima, M. and Shimizu, H.},
   title = {Mini-magnetosphere over the Reiner Gamma magnetic anomaly region on the Moon},
   journal = {GEOPHYSICAL RESEARCH LETTERS},
   volume = {32},
   number = {24},
   pages = {4},
   ISSN = {0094-8276},
   DOI = {L24205 10.1029/2005gl024097},
   year = {2005},
   type = {Journal Article}
}

@article{
   Lue2011,
   author = {Lue, C. and Futaana, Y. and Barabash, S. and Wieser, M. and Holmstrom, M. and Bhardwaj, A. and Dhanya, M. B. and Wurz, P.},
   title = {Strong influence of lunar crustal fields on the solar wind flow},
   journal = {GEOPHYSICAL RESEARCH LETTERS},
   volume = {38},
   pages = {5},
   ISSN = {0094-8276},
   DOI = {L03202 10.1029/2010gl046215},
   year = {2011},
   type = {Journal Article}
}

@article{
   Moritaka2012,
   author = {Moritaka, T. and Kajimura, Y. and Usui, H. and Matsumoto, M. and Matsui, T. and Shinohara, I.},
   title = {Momentum transfer of solar wind plasma in a kinetic scale magnetosphere},
   journal = {Physics of Plasmas},
   volume = {19},
   number = {3},
   ISSN = {1070-664X},
   DOI = {10.1063/1.3683560},
   year = {2012},
   type = {Journal Article}
}

@article{
   Nishino2012,
   author = {Nishino, M. N. and Fujimoto, M. and Tsunakawa, H. and Matsushima, M. and Shibuya, H. and Shimizu, H. and Takahashi, F. and Saito, Y. and Yokota, S.},
   title = {Control of lunar external magnetic enhancements by IMF polarity: A case study},
   journal = {Planetary and Space Science},
   volume = {73},
   number = {1},
   pages = {161-167},
   ISSN = {0032-0633},
   DOI = {10.1016/j.pss.2012.09.011},
   year = {2012},
   type = {Journal Article}
}

@article{
   Nishino2015,
   author = {Nishino, M. N. and Saito, Y. and Tsunakawa, H. and Takahashi, F. and Fujimoto, M. and Harada, Y. and Yokota, S. and Matsushima, M. and Shibuya, H. and Shimizu, H.},
   title = {Electrons on closed field lines of lunar crustal fields in the solar wind wake},
   journal = {Icarus},
   volume = {250},
   pages = {238-248},
   ISSN = {0019-1035},
   DOI = {10.1016/j.icarus.2014.12.007},
   year = {2015},
   type = {Journal Article}
}

@article{
   Poppe2010,
   author = {Poppe, A. and Horanyi, M.},
   title = {Simulations of the photoelectron sheath and dust levitation on the lunar surface},
   journal = {Journal of Geophysical Research-Space Physics},
   volume = {115},
   ISSN = {0148-0227},
   DOI = {10.1029/2010ja015286},
   year = {2010},
   type = {Journal Article}
}

@article{
   Poppe2012a,
   author = {Poppe, A. R. and Halekas, J. S. and Delory, G. T. and Farrell, W. M.},
   title = {Particle-in-cell simulations of the solar wind interaction with lunar crustal magnetic anomalies: Magnetic cusp regions},
   journal = {Journal of Geophysical Research-Space Physics},
   volume = {117},
   pages = {16},
   ISSN = {0148-0227},
   DOI = {A09105 10.1029/2012ja017844},
   year = {2012},
   type = {Journal Article}
}

@article{
   Poppe2012b,
   author = {Poppe, A. R. and Halekas, J. S. and Delory, G. T. and Farrell, W. M. and Angelopoulos, V. and McFadden, J. P. and Bonnell, J. W. and Ergun, R. E.},
   title = {A comparison of ARTEMIS observations and particle-in-cell modeling of the lunar photoelectron sheath in the terrestrial magnetotail},
   journal = {Geophysical Research Letters},
   volume = {39},
   ISSN = {0094-8276},
   DOI = {10.1029/2011gl050321},
   year = {2012},
   type = {Journal Article}
}

@article{
   Richmond2003,
   author = {Richmond, N. C. and Hood, L. L. and Halekas, J. S. and Mitchell, D. L. and Lin, R. P. and Acuna, M. and Binder, A. B.},
   title = {Correlation of a strong lunar magnetic anomaly with a high-albedo region of the Descartes mountains},
   journal = {Geophysical Research Letters},
   volume = {30},
   number = {7},
   ISSN = {0094-8276},
   DOI = {10.1029/2003gl016938},
   year = {2003},
   type = {Journal Article}
}

@article{
   Sadovski2014,
   author = {Sadovski, A. and Skalsky, A.},
   title = {Coupling of earth's magnetosphere, solar wind and lunar plasma environment},
   journal = {Advances in Space Research},
   volume = {54},
   number = {10},
   pages = {2017-2020},
   ISSN = {0273-1177},
   DOI = {10.1016/j.asr.2013.07.028},
   year = {2014},
   type = {Journal Article}
}

@article{
   Saito2012,
   author = {Saito, Y. and Nishino, M. N. and Fujimoto, M. and Yamamoto, T. and Yokota, S. and Tsunakawa, H. and Shibuya, H. and Matsushima, M. and Shimizu, H. and Takahashi, F.},
   title = {Simultaneous observation of the electron acceleration and ion deceleration over lunar magnetic anomalies},
   journal = {Earth Planets and Space},
   volume = {64},
   number = {2},
   pages = {83-92},
   ISSN = {1343-8832},
   DOI = {10.5047/eps.2011.07.011},
   year = {2012},
   type = {Journal Article}
}

@article{
   Saito2010,
   author = {Saito, Y. and Yokota, S. and Asamura, K. and Tanaka, T. and Nishino, M. N. and Yamamoto, T. and Terakawa, Y. and Fujimoto, M. and Hasegawa, H. and Hayakawa, H. and Hirahara, M. and Hoshino, M. and Machida, S. and Mukai, T. and Nagai, T. and Nagatsuma, T. and Nakagawa, T. and Nakamura, M. and Oyama, K. and Sagawa, E. and Sasaki, S. and Seki, K. and Shinohara, I. and Terasawa, T. and Tsunakawa, H. and Shibuya, H. and Matsushima, M. and Shimizu, H. and Takahashi, F.},
   title = {In-flight Performance and Initial Results of Plasma Energy Angle and Composition Experiment (PACE) on SELENE (Kaguya)},
   journal = {Space Science Reviews},
   volume = {154},
   number = {1-4},
   pages = {265-303},
   ISSN = {0038-6308},
   DOI = {10.1007/s11214-010-9647-x},
   year = {2010},
   type = {Journal Article}
}

@article{
   Saito2008,
   author = {Saito, Y. and Yokota, S. and Tanaka, T. and Asamura, K. and Nishino, M. N. and Fujimoto, M. and Tsunakawa, H. and Shibuya, H. and Matsushima, M. and Shimizu, H. and Takahashi, F. and Mukai, T. and Terasawa, T.},
   title = {Solar wind proton reflection at the lunar surface: Low energy ion measurement by MAP-PACE onboard SELENE (KAGUYA)},
   journal = {Geophysical Research Letters},
   volume = {35},
   number = {24},
   ISSN = {0094-8276},
   DOI = {10.1029/2008gl036077},
   year = {2008},
   type = {Journal Article}
}

@article{
   Skalsky2015,
   author = {Skalsky, A. A. and Sadovski, A. M.},
   title = {Reflection of solar wind protons from magnetic anomalies of the moon},
   journal = {Cosmic Research},
   volume = {53},
   number = {1},
   pages = {70-73},
   ISSN = {0010-9525},
   DOI = {10.1134/s0010952515010062},
   year = {2015},
   type = {Journal Article}
}

@article{
   Tsugawa2014,
   author = {Tsugawa, Y. and Katoh, Y. and Terada, N. and Ono, T. and Tsunakawa, H. and Takahashi, F. and Shibuya, H. and Shimizu, H. and Matsushima, M.},
   title = {Group-standing of whistler mode waves near the Moon},
   journal = {Journal of Geophysical Research-Space Physics},
   volume = {119},
   number = {4},
   pages = {2634-2648},
   ISSN = {2169-9380},
   DOI = {10.1002/2013ja019585},
   year = {2014},
   type = {Journal Article}
}

@article{
   Tsugawa2012,
   author = {Tsugawa, Y. and Katoh, Y. and Terada, N. and Ono, T. and Tsunakawa, H. and Takahashi, F. and Shibuya, H. and Shimizu, H. and Matsushima, M. and Saito, Y. and Yokota, S. and Nishino, M. N.},
   title = {Statistical study of broadband whistler-mode waves detected by Kaguya near the Moon},
   journal = {Geophysical Research Letters},
   volume = {39},
   ISSN = {0094-8276},
   DOI = {10.1029/2012gl052818},
   year = {2012},
   type = {Journal Article}
}

@article{
   Tsugawa2011,
   author = {Tsugawa, Y. and Terada, N. and Katoh, Y. and Ono, T. and Tsunakawa, H. and Takahashi, F. and Shibuya, H. and Shimizu, H. and Matsushima, M.},
   title = {Statistical analysis of monochromatic whistler waves near the Moon detected by Kaguya},
   journal = {Annales Geophysicae},
   volume = {29},
   number = {5},
   pages = {889-893},
   ISSN = {0992-7689},
   DOI = {10.5194/angeo-29-889-2011},
   year = {2011},
   type = {Journal Article}
}

@article{
   Tsugawa2011,
   author = {Tsugawa, Y. and Terada, N. and Katoh, Y. and Ono, T. and Tsunakawa, H. and Takahashi, F. and Shibuya, H. and Shimizu, H. and Matsushima, M.},
   title = {Statistical analysis of monochromatic whistler waves near the Moon detected by Kaguya},
   journal = {Annales Geophysicae},
   volume = {29},
   number = {5},
   pages = {889-893},
   ISSN = {0992-7689},
   DOI = {10.5194/angeo-29-889-2011},
   year = {2011},
   type = {Journal Article}
}

@article{
   Tsunakawa2010,
   author = {Tsunakawa, H. and Shibuya, H. and Takahashi, F. and Shimizu, H. and Matsushima, M. and Matsuoka, A. and Nakazawa, S. and Otake, H. and Iijima, Y.},
   title = {Lunar Magnetic Field Observation and Initial Global Mapping of Lunar Magnetic Anomalies by MAP-LMAG Onboard SELENE (Kaguya)},
   journal = {Space Science Reviews},
   volume = {154},
   number = {1-4},
   pages = {219-251},
   ISSN = {0038-6308},
   DOI = {10.1007/s11214-010-9652-0},
   year = {2010},
   type = {Journal Article}
}

@article{
   Vorburger2012,
   author = {Vorburger, A. and Wurz, P. and Barabash, S. and Wieser, M. and Futaana, Y. and Holmstrom, M. and Bhardwaj, A. and Asamura, K.},
   title = {Energetic neutral atom observations of magnetic anomalies on the lunar surface},
   journal = {Journal of Geophysical Research-Space Physics},
   volume = {117},
   ISSN = {0148-0227},
   DOI = {A07208 10.1029/2012ja017553},
   year = {2012},
   type = {Journal Article}
}

@article{
   Wang2012a,
   author = {Wang, X. and Horanyi, M. and Robertson, S.},
   title = {Characteristics of a plasma sheath in a magnetic dipole field: Implications to the solar wind interaction with the lunar magnetic anomalies},
   journal = {Journal of Geophysical Research-Space Physics},
   volume = {117},
   ISSN = {0148-0227},
   DOI = {10.1029/2012ja017635},
   year = {2012},
   type = {Journal Article}
}

@article{
   Wang2013,
   author = {Wang, X. and Howes, C. T. and Horanyi, M. and Robertson, S.},
   title = {Electric potentials in magnetic dipole fields normal and oblique to a surface in plasma: Understanding the solar wind interaction with lunar magnetic anomalies},
   journal = {Geophysical Research Letters},
   volume = {40},
   number = {9},
   pages = {1686-1690},
   ISSN = {0094-8276},
   DOI = {10.1002/grl.50367},
   year = {2013},
   type = {Journal Article}
}


@article{
   Wang2012b,
   author = {Wang, X. Q. and Cui, J. and Wang, X. D. and Liu, J. J. and Zhang, H. B. and Zuo, W. and Su, Y. and Wen, W. B. and Reme, H. and Dandouras, I. and Aoustin, C. and Wang, M. and Tan, X. and Shen, J. and Wang, F. and Fu, Q. and Li, C. L. and Ouyang, Z. Y.},
   title = {The Solar Wind interactions with Lunar Magnetic Anomalies: A case study of the Chang'E-2 plasma data near the Serenitatis antipode},
   journal = {Advances in Space Research},
   volume = {50},
   number = {12},
   pages = {1600-1606},
   ISSN = {0273-1177},
   DOI = {10.1016/j.asr.2011.12.003},
   year = {2012},
   type = {Journal Article}
}

@article{
   Wieser2010,
   author = {Wieser, M. and Barabash, S. and Futaana, Y. and Holmstrom, M. and Bhardwaj, A. and Sridharan, R. and Dhanya, M. B. and Schaufelberger, A. and Wurz, P. and Asamura, K.},
   title = {First observation of a mini-magnetosphere above a lunar magnetic anomaly using energetic neutral atoms},
   journal = {GEOPHYSICAL RESEARCH LETTERS},
   volume = {37},
   ISSN = {0094-8276},
   DOI = {L05103 10.1029/2009gl041721},
   year = {2010},
   type = {Journal Article}
}

@article{
   Yokota2014,
   author = {Yokota, S. and Saito, Y. and Asamura, K. and Nishino, M. N. and Yamamoto, T. I. and Tsunakawa, H. and Shibuya, H. and Matsushima, M. and Shimizu, H. and Takahashi, F. and Fujimoto, M. and Terasawa, T.},
   title = {Kaguya observation of the ion acceleration around a lunar crustal magnetic anomaly},
   journal = {Planetary and Space Science},
   volume = {93-94},
   pages = {87-95},
   ISSN = {0032-0633},
   DOI = {10.1016/j.pss.2014.02.007},
   year = {2014},
   type = {Journal Article}
}

@article{
   Ashida2012,
   author = {Ashida, Yasumasa and Funaki, Ikkoh and Yamakawa, Hiroshi and Kajimura, Yoshihiro and Kojima, Hirotsugu},
   title = {Thrust Evaluation of a Magnetic Sail by Flux-Tube Model},
   journal = {Journal of Propulsion and Power},
   volume = {28},
   number = {3},
   pages = {642-651},
   ISSN = {0748-4658; 1533-3876},
   DOI = {10.2514/1.b34332},
   year = {2012},
   type = {Journal Article}
}

@article{
   Deca2015,
   author = {Deca, J. and Divin, A. and Lembege, B. and Horanyi, M. and Markidis, S. and Lapenta, G.},
   title = {General mechanism and dynamics of the solar wind interaction with lunar magnetic anomalies from 3-D particle-in-cell simulations},
   journal = {Journal of Geophysical Research-Space Physics},
   volume = {120},
   number = {8},
   pages = {6443-6463},
   note = {},
   abstract = {},
   ISSN = {2169-9380},
   DOI = {10.1002/2015ja021070},
   url = {},
   year = {2015},
   type = {Journal Article}
}

@article{
   Hoos2015,
   author = {Hood, L. L.},
   title = {Mercury and the Moon},
   journal = {Science},
   volume = {349},
   number = {6255},
   pages = {1459-1459},
   note = {},
   abstract = {},
   ISSN = {0036-8075},
   url = {},
   year = {2015},
   type = {Journal Article}
}

@article{
   Xie2015,
   author = {Xie, L. H. and Li, L. and Zhang, Y. T. and Feng, Y. Y. and Wang, X. Y. and Zhang, A. B. and Kong, L. G.},
   title = {Three-dimensional Hall MHD simulation of lunar minimagnetosphere: General characteristics and comparison with Chang'E-2 observations},
   journal = {Journal of Geophysical Research-Space Physics},
   volume = {120},
   number = {8},
   pages = {6559-6568},
   note = {},
   abstract = {},
   ISSN = {2169-9380},
   DOI = {10.1002/2015ja021647},
   url = {},
   year = {2015},
   type = {Journal Article}
}

@article{
   Ashida2014,
   author = {Ashida, Y. and Usui, H. and Shinohara, I. and Nakamura, M. and Funaki, I. and Miyake, Y. and Yamakawa, H.},
   title = {Full kinetic simulations of plasma flow interactions with meso- and microscale magnetic dipoles},
   journal = {Physics of Plasmas},
   volume = {21},
   number = {12},
   note = {},
   abstract = {},
   ISSN = {1070-664X},
   DOI = {10.1063/1.4904303},
   url = {},
   year = {2014},
   type = {Journal Article}
}

@article{
   Omide2002,
   author = {Omidi, N. and Blanco-Cano, X. and Russell, C. T. and Karimabadi, H. and Acuna, M.},
   title = {Hybrid simulations of solar wind interaction with magnetized asteroids: General characteristics},
   journal = {Journal of Geophysical Research-Space Physics},
   volume = {107},
   number = {A12},
   note = {},
   abstract = {},
   ISSN = {0148-0227},
   DOI = {10.1029/2002ja009441},
   url = {},
   year = {2002},
   type = {Journal Article}
}

@book{
   Birdsall1991,
   author = {Birdsall, C. K. and Langdon, A. B.},
   title = {Plasma Physics via Computer Simulation},
   publisher = {Institute of Physics Publishing}, 
   series = {Plasma Physics Series},
   year = {1991}
}
@article{
   Villasenor1992,
   author = {Villasenor, J. and Buneman, O.},
   title = {Rigorous charge conservation for local electromagnetic-field solvers},
   journal = {Computer Physics Communications},
   volume = {69},
   number = {2-3},
   pages = {306-316},
   ISSN = {0010-4655},
   DOI = {10.1016/0010-4655(92)90169-y},
  url = {},
  year = {1992},
  type = {Journal Article}
}

@article{
   Winglee2000,
   author = {Winglee, R. M. and Slough, J. and Ziemba, T. and Goodson, A.},
   title = {Mini-Magnetospheric Plasma Propulsion: Tapping the energy of the solar wind for spacecraft propulsion},
   journal = {Journal of Geophysical Research-Space Physics},
   volume = {105},
   number = {A9},
   pages = {21067-21077},
   ISSN = {0148-0227},
   DOI = {10.1029/1999ja000334},
   year = {2000},
   type = {Journal Article}
}



